<record><leader>00000cas a2200000 i 4500</leader><controlfield tag="001">962024330</controlfield><controlfield tag="007">hd afb017bacp</controlfield><controlfield tag="007">hd bfb017baap</controlfield><controlfield tag="007">hd bfb017babp</controlfield><controlfield tag="008">161103d18971uuugauwr n a     0    0eng  </controlfield><datafield ind1=" " ind2=" " tag="010"><subfield code="a">  2016233538</subfield></datafield><datafield ind1=" " ind2=" " tag="040"><subfield code="a">GUA</subfield><subfield code="b">eng</subfield><subfield code="e">rda</subfield><subfield code="c">GUA</subfield><subfield code="d">OCLCF</subfield></datafield><datafield ind1=" " ind2=" " tag="042"><subfield code="a">pcc</subfield></datafield><datafield ind1="1" ind2="4" tag="050"><subfield code="a">AN13.W55</subfield><subfield code="b">I24</subfield></datafield><datafield ind1="0" ind2=" " tag="130"><subfield code="a">Ice berg (Winterville, Ga.)</subfield></datafield><datafield ind1="1" ind2="4" tag="245"><subfield code="a">The ice berg.</subfield></datafield><datafield ind1="1" ind2=" " tag="246"><subfield code="a">Iceberg</subfield></datafield><datafield ind1="1" ind2=" " tag="246"><subfield code="a">Ice-berg</subfield></datafield><datafield ind1=" " ind2="1" tag="264"><subfield code="3">June 9, 1897-</subfield><subfield code="a">Winterville, Ga. :</subfield><subfield code="b">[Chas. W. Lowe?],</subfield><subfield code="c">1897-</subfield></datafield><datafield ind1=" " ind2="3" tag="264"><subfield code="3">&lt;July 14, 1897-&gt;</subfield><subfield code="a">Winterville, Oglethorpe County, Ga. :</subfield><subfield code="b">Chas. W. Lowe</subfield></datafield><datafield ind1=" " ind2=" " tag="300"><subfield code="a">volumes :</subfield><subfield code="b">illustrations</subfield></datafield><datafield ind1=" " ind2=" " tag="310"><subfield code="a">Weekly</subfield></datafield><datafield ind1=" " ind2=" " tag="336"><subfield code="a">text</subfield><subfield code="b">txt</subfield><subfield code="2">rdacontent</subfield></datafield><datafield ind1=" " ind2=" " tag="337"><subfield code="a">microform</subfield><subfield code="b">h</subfield><subfield code="2">rdamedia</subfield></datafield><datafield ind1=" " ind2=" " tag="338"><subfield code="a">microfilm reel</subfield><subfield code="b">hd</subfield><subfield code="2">rdacarrier</subfield></datafield><datafield ind1="1" ind2=" " tag="362"><subfield code="a">Began with: Vol. 1, no. 1 (June 9, 1897).</subfield></datafield><datafield ind1=" " ind2=" " tag="500"><subfield code="a">Some issues may be manufactured or reprinted by Murray Printers &amp; Publishers in Athens, Georgia.</subfield></datafield><datafield ind1=" " ind2=" " tag="588"><subfield code="a">Description based on: Reproduction of original print version of vol. 1, no. 1 (June 9, 1897); title from masthead.</subfield></datafield><datafield ind1=" " ind2=" " tag="588"><subfield code="a">Latest issue consulted: Reproduction of print version of vol. 1, no. 6 (July 14, 1897).</subfield></datafield><datafield ind1=" " ind2=" " tag="533"><subfield code="a">Microfilm.</subfield><subfield code="m">v.1 no.1 (1897:June:9), v.1 no.6 (1897:July:14)</subfield><subfield code="b">Athens, GA :</subfield><subfield code="c">University of Georgia Libraries,</subfield><subfield code="d">2015.</subfield><subfield code="e">microfilm reel ; 35 mm</subfield><subfield code="n">Introductory frame says "Athens, GA," but title appears to be have been published in Winterville.</subfield></datafield><datafield ind1=" " ind2="0" tag="651"><subfield code="a">Winterville (Ga.)</subfield><subfield code="v">Newspapers.</subfield></datafield><datafield ind1=" " ind2="7" tag="655"><subfield code="a">Newspapers.</subfield><subfield code="2">fast</subfield><subfield code="0">(OCoLC)fst01423814</subfield></datafield><datafield ind1=" " ind2="7" tag="651"><subfield code="a">Georgia</subfield><subfield code="z">Winterville.</subfield><subfield code="2">fast</subfield><subfield code="0">(OCoLC)fst01218378</subfield></datafield><datafield ind1=" " ind2=" " tag="752"><subfield code="a">United States</subfield><subfield code="b">Georgia</subfield><subfield code="c">Clarke</subfield><subfield code="d">Winterville</subfield></datafield><datafield ind1="0" ind2="8" tag="776"><subfield code="i">Print version:</subfield><subfield code="t">Ice berg (Winterville, Ga.)</subfield><subfield code="w">(DLC)sn2002062512</subfield><subfield code="w">(OCoLC)49685493</subfield></datafield></record>